/home/jonatas/Dropbox/MendeleyBib/Tese.bib